


@misc{pdf_acrobat,
	title="Acrobat Reader [Электронный ресурс].",
	howpublished="URL: \url{https://www.adobe.com/acrobat/pdf-reader.html} (дата обращения: 19.10.2023)."
}

@misc{sql_popular,
	title="Анализ популярных реляционных систем управления базами данных (2022 г.) [Электронный ресурс].",
	howpublished="URL:  \url{https://drach.pro/blog/hi-tech/item/196-popular-relational-dbms-2022} (дата обращения: 09.05.2024)."
}


@misc{ms_sql_server,
	title="SQL Server 2022 [Электронный ресурс].",
	howpublished="URL:  \url{https://www.microsoft.com/ru-ru/sql-server/sql-server-2022} (дата обращения: 09.05.2024)."
}


@misc{time_db,
	title = "Обзор баз данных временных рядов",
		howpublished="URL:  \url{https://cyberleninka.ru/article/n/obzor-baz-dannyh-vremennyh-ryadov} (дата обращения: 09.05.2024)."
	}



@misc{mysql,
	title="MySQL [Электронный ресурс].",
	howpublished="URL:  \url{https://www.mysql.com/} (дата обращения: 09.05.2024)."
}

@misc{postgres,
	title="PostgreSQL [Электронный ресурс].",
	howpublished="URL:  \url{https://www.postgresql.org/} (дата обращения: 09.05.2024)."
}



@misc{postgres_pro_cert,
	title="Postgres Pro Certified [Электронный ресурс].",
	howpublished="URL: \url{https://postgrespro.ru/products/postgrespro/certified} (дата обращения: 09.05.2024)."
}


@misc{ms_sql_roles,
	title="Роли уровня сервера [Электронный ресурс].",
	howpublished="URL: \url{https://learn.microsoft.com/ru-ru/sql/relational-databases/security/authentication-access/server-level-roles?view=sql-server-ver16} (дата обращения: 09.05.2024)."
}


@misc{mysql_roles,
	title="MySQL Roles – All You Need to Know [Электронный ресурс].",
	howpublished="URL: \url{https://mysqlcode.com/mysql-roles/} (дата обращения: 09.05.2024)."
}

@misc{ms_sql_cert,
	title="ФСТЭК России приостановила действие 56 сертификатов [Электронный ресурс].",
	howpublished="URL: \url{https://www.anti-malware.ru/news/2022-03-24-111332/38397} (дата обращения: 09.05.2024)."
}


@inbook{williams-db,
	author="Дейт К. Дж.",
	title="Введение в системы баз данных: 8-е издание",
	publisher="--- <<Вильямс>>",
	language="russian",
	year=2006,
	pages="1328"
}

@inbook{kuznecov-db,
	author="Кузнецов С. Д.",
	title="Основы современных баз данных",
	publisher="--- Центр Информационных Технологий",
	language="russian",
	year=1998,
}



@inbook{wolf-db,
	author="Волк В. К.",
	title="Базы данных, проектирование, программирование, управление и администрирование",
	publisher="--- Издательство <<Лань>>",
	language="russian",
	year=2020,
}

@misc{inverted-lists,
	title="Физические модели баз данных [Электронный ресурс].",
	howpublished="URL: \url{https://intuit.ru/studies/courses/1001/297/lecture/7415?page=5&ysclid=lur73sp2bk237864836} (дата обращения: 08.04.2024)."
}


@misc{pdf_tree,
	title="Chapter 4. Document Structure [Электронный ресурс].",
	howpublished="URL: \url{https://www.oreilly.com/library/view/pdf-explained/9781449321581/ch04.html} (дата обращения: 19.10.2023)."
}

@misc{pdf_iso_a,
	title="ISO 19005 (PDF/A) [Электронный ресурс].",
	howpublished="URL: \url{https://pdfa.org/resource/iso-19005-pdfa/} (дата обращения: 19.10.2023)."
}

@misc{pdf_iso_e,
	title="ISO 24517 (PDF/E) [Электронный ресурс].",
	howpublished="URL: \url{https://pdfa.org/resource/iso-24517-pdfe/} (дата обращения: 19.10.2023)."
}


@misc{pdf_iso,
	title="ISO 32000-1:2008 [Электронный ресурс].",
	howpublished="URL: \url{https://www.iso.org/standard/51502.html} (дата обращения: 19.10.2023)."
}



@misc{pdf_pop,
	title="Наиболее распространенные форматы электронных документов [Электронный ресурс].",
	howpublished="URL: \url{https://beorg.ru/blog/formaty-elektronnyh-dokumentov/?ysclid=lq6ke2mpko484311954} (дата обращения: 19.10.2023)."
}

@misc{yolo_v2,
      title={PP-YOLOv2: A Practical Object Detector}, 
      author={Xin Huang and Xinxin Wang and Wenyu Lv and Xiaying Bai and Xiang Long and Kaipeng Deng and Qingqing Dang and Shumin Han and Qiwen Liu and Xiaoguang Hu and Dianhai Yu and Yanjun Ma and Osamu Yoshie},
      year={2021},
      eprint={2104.10419},
      archivePrefix={arXiv},
      primaryClass={cs.CV}
}

@misc{yolo_v3,
      title={YOLOv3: An Incremental Improvement}, 
      author={Joseph Redmon and Ali Farhadi},
      year={2018},
      eprint={1804.02767},
      archivePrefix={arXiv},
      primaryClass={cs.CV}
}

@misc{yolo_v4,
      title={YOLOv4: Optimal Speed and Accuracy of Object Detection}, 
      author={Alexey Bochkovskiy and Chien-Yao Wang and Hong-Yuan Mark Liao},
      year={2020},
      eprint={2004.10934},
      archivePrefix={arXiv},
      primaryClass={cs.CV}
}

@misc{yolo_v5,
      title={Improved YOLOv5 network for real-time multi-scale traffic sign detection}, 
      author={Junfan Wang and Yi Chen and Mingyu Gao and Zhekang Dong},
      year={2021},
      eprint={2112.08782},
      archivePrefix={arXiv},
      primaryClass={cs.CV}
}

@misc{yolo_v6,
	title={YOLOv6: A Single-Stage Object Detection Framework for Industrial Applications}, 
	author={Chuyi Li and Lulu Li and Hongliang Jiang and Kaiheng Weng and Yifei Geng and Liang Li and Zaidan Ke and Qingyuan Li and Meng Cheng and Weiqiang Nie and Yiduo Li and Bo Zhang and Yufei Liang and Linyuan Zhou and Xiaoming Xu and Xiangxiang Chu and Xiaoming Wei and Xiaolin Wei},
	year={2022},
	eprint={2209.02976},
	archivePrefix={arXiv},
	primaryClass={cs.CV}
}

@misc{yolo_v7,
	title={YOLOv7: Trainable bag-of-freebies sets new state-of-the-art for real-time object detectors}, 
	author={Chien-Yao Wang and Alexey Bochkovskiy and Hong-Yuan Mark Liao},
	year={2022},
	eprint={2207.02696},
	archivePrefix={arXiv},
	primaryClass={cs.CV}
}
@misc{abdobe_PDF,
	title="PDF File types - specialist formats and what they’re used for [Электронный ресурс].",
	howpublished="URL: \url{https://www.adobe.com/uk/acrobat/resources/document-files/pdf-types.html} (дата обращения: 19.10.2023)."
}


@misc{pdf_a_4,
	title="What Is PDF/A-4 [Электронный ресурс].",
	howpublished="URL: \url{https://blog.avepdf.com/what-is-pdfa4/} (дата обращения: 19.10.2023)."
}

@misc{nalogi,
	title="Приказ ФНС России от 24.03.2022 № ЕД-7-26/236@ <<Об утверждении PDF/A-3 формата представления договорного документа в электронной форме>> [Электронный ресурс].",
	howpublished="URL: \url{https://www.nalog.gov.ru/rn77/about_fts/docs/12181055/} (дата обращения: 19.10.2023)."
}

@misc{pdf_a_2,
	title="PDF/A-2 Overview [Электронный ресурс].",
	howpublished="URL: \url{https://pdfa.org/wp-content/uploads/2011/10/Flyer-PDFA2-Overview-EN.pdf} (дата обращения: 19.10.2023)."
}

@misc{pdf_a_versions,
	title="What Are the Different Versions of PDF/A? [Электронный ресурс].",
	howpublished="URL: \url{https://apryse.com/blog/pdfa-format/what-are-the-different-types-of-pdfa} (дата обращения: 19.10.2023)."
}


@misc{GOST732,
	title="ГОСТ 7.32---2017 Система стандартов по информации, библиотечному и издательскому делу. Отчет о научно-исследовательской работе. Структура и правила оформления",
	howpublished="М.: Стандартинформ, 2017. --- 35 с."
}

@misc{pdf_object_def,
	title="What if PDF file? [Электронный ресурс].",
	howpublished="URL: \url{https://docs.aspose.com/page/net/what-is-pdf-file/} (дата обращения: 26.10.2023)."
}


@misc{pdf_structure_trans,
	title="Дружим с PDF [Электронный ресурс].",
	howpublished="URL: \url{https://alexeykalina.github.io/technologies/pdf.html} (дата обращения: 26.10.2023)."
}


@misc{pdf_levels_std,
	title="Стандарт PDF/A [Электронный ресурс].",
	howpublished="URL: \url{https://yamadharma.github.io/ru/post/2021/07/30/pdf-a-standard/} (дата обращения: 26.10.2023)."
}

@misc{about_openCV,
	title="About OpenCV [Электронный ресурс].",
	howpublished="URL: \url{https://opencv.org/about/} (дата обращения: 10.11.2023)."
}





@misc{pattern_matching,
	title="Template matching [Электронный ресурс].",
	howpublished="URL: \url{https://docs.opencv.org/4.x/d4/dc6/tutorial_py_template_matching.html} (дата обращения: 10.11.2023)."
	
}

@misc{DL_openCV,
	title="Deep Learning with OpenCV  [Электронный ресурс].",
	howpublished="URL: \url{https://learnopencv.com/deep-learning-with-opencvs-dnn-module-a-definitive-guide/} (дата обращения: 10.11.2023)."
	
}


@misc{OCR_openCV,
	title="How to run custom OCR model  [Электронный ресурс].",
	howpublished="URL: \url{https://docs.opencv.org/4.x/d9/d1e/tutorial_dnn_OCR.html} (дата обращения: 10.11.2023)."
	
}

@misc{YOLOv8,
	title="Ultralytics YOLOv8 Docs  [Электронный ресурс].",
	howpublished="URL: \url{https://docs.ultralytics.com/} (дата обращения: 10.11.2023)."
	
}


@misc{labelimg,
	title="Label Studio  [Электронный ресурс].",
	howpublished="URL: \url{https://github.com/HumanSignal/labelImg} (дата обращения: 10.11.2023)."
	
}

@misc{object_detection_models,
	title="Top Object Detection Models  [Электронный ресурс].",
	howpublished="URL: \url{https://roboflow.com/models/object-detection} (дата обращения: 27.11.2023)."
	
}


@misc{mAP,
	title="What is Mean Average Precision (MAP) and how does it work   [Электронный ресурс].",
	howpublished="URL: \url{https://xailient.com/blog/what-is-mean-average-precision-and-how-does-it-work/} (дата обращения: 27.11.2023)."
	
}


@misc{class_metrics,
	title="Accuracy, precision, and recall in multi-class classification  [Электронный ресурс].",
	howpublished="URL: \url{https://www.evidentlyai.com/classification-metrics/multi-class-metrics} (дата обращения: 27.11.2023)."
}

@misc{learning,
	title="Machine Learning Model Training: What It Is and Why It’s Important  [Электронный ресурс].",
	howpublished="URL: \url{https://domino.ai/blog/what-is-machine-learning-model-training} (дата обращения: 27.11.2023)."
}



@misc{epoch,
	title={One Epoch Is All You Need}, 
	author={Aran Komatsuzaki},
	year={2019},
	eprint={1906.06669},
	archivePrefix={arXiv},
	primaryClass={cs.LG}
}

@misc{astra_linux,
	title="Добавление библиотек глубокого обучения для разработки программ на языке Python  [Электронный ресурс].",
	howpublished="URL: \url{https://wiki.astralinux.ru/plugins/servlet/mobile?contentId=68912355\#content/view/68912355} (дата обращения: 27.11.2023)."
}

@misc{keras_yolov8,
	title="Object Detection using KerasCV YOLOv8  [Электронный ресурс].",
	howpublished="URL: \url{https://learnopencv.com/object-detection-using-kerascv-yolov8/} (дата обращения: 27.11.2023)."
}


@misc{PyPDF2_docs,
	title="PyPDF2 [Электронный ресурс].",
	howpublished="Режим доступа: \url{https://pypdf2.readthedocs.io/en/3.0.0/index.html} (дата обращения: 27.11.2023)."
}


@misc{pdfminersix_docs,
	title="pdfminer.six [Электронный ресурс].",
	howpublished="URL: \url{https://pdfminersix.readthedocs.io/en/latest/index.html} (дата обращения: 27.11.2023)."
}


@misc{PyMuPDF_docs,
	title="PyMuPDF [Электронный ресурс].",
	howpublished="URL: \url{https://pymupdf.readthedocs.io/en/latest/} (дата обращения: 27.11.2023)."
}

@misc{VKR_VYZ,
	title="ВКР ВУЗ [Электронный ресурс].",
	howpublished="URL: \url{http://www.vkr-vuz.ru/} (дата обращения: 27.11.2023)."
}

@misc{TestVkr,
	title="TestVkr [Электронный ресурс].",
	howpublished="URL: \url{https://ibm5.ru/studientam} (дата обращения: 27.11.2023)."
}


@misc{PdfTest,
	title="PdfTest [Электронный ресурс].",
	howpublished="URL: \url{https://applitools.com/blog/automate-pdf-testing/} (дата обращения: 27.11.2023)."
}